@article{giusti_new_2018,
  series = {{EURO} {Mini} {Conference} on {"}{Advances} in {Freight} {Transportation} and {Logistics}{"}},
  title = {A {New} {Open}-source {System} for {Strategic} {Freight} {Logistics} {Planning}: the {SYNCHRO}-{NET} {Optimization} {Tools}},
  volume = {30},
  url = {http://www.sciencedirect.com/science/article/pii/S2352146518300991},
  doi = {10.1016/j.trpro.2018.09.027},
  journal = {Transportation Research Procedia},
  author = {Riccardo Giusti and Daniele Manerba and Guido Perboli and Roberto Tadei and Shuai Yuan},
  month = {jan},
  year = {2018},
  pages = {245--254},
  note = {Last visited on 04/17/2019},
}

@inproceedings{bast_fast_2010,
  series = {Lecture {Notes} in {Computer} {Science}},
  title = {Fast {Routing} in {Very} {Large} {Public} {Transportation} {Networks} {Using} {Transfer} {Patterns}},
  doi = {10.1007/978-3-642-15775-2_25},
  booktitle = {Algorithms - {ESA} 2010},
  publisher = {Springer Berlin Heidelberg},
  author = {Hannah Bast and Erik Carlsson and Arno Eigenwillig and Robert Geisberger and Chris Harrelson and Veselin Raychev and Fabien Viger},
  editor = {Mark {de Berg} and Ulrich Meyer},
  year = {2010},
  pages = {290--301},
}
