@article{Adepeju2019,
  title = {Anchored k-medoids: A longitudinal clustering technique for measuring long-term inequality in the exposure to crime at the micro-area levels},
  author = {M. Adepeju and S. Langton and J. Bannister},
  journal = {Journal of Quantitative Criminology},
  year = {2019},
  url = {(Submitted)}
  }

@article{Griffith2004,
  title = {Communities, street guns and homicide trajectories in Chicago, 1980â€“1995: merging methods for examining homicide trends across space and time},
  author = {E. Griffith and J.M. Chavez},
  journal = {Criminology},
  year = {2004},
  volume={42(4)},
  pages={941-978}
  },

